@Article{sharing,
	author = {Frenken, Koen},
	title = {Political economies and environmental futures for the sharing economy},
	volume = {375},
	number = {2095},
	year = {2017},
	doi = {10.1098/rsta.2016.0367},
	publisher = {The Royal Society},
	issn = {1364-503X},
	URL = {http://rsta.royalsocietypublishing.org/content/375/2095/20160367},
	eprint = {http://rsta.royalsocietypublishing.org/content/375/2095/20160367.full.pdf},
	journal = {Philosophical Transactions of the Royal Society of London A: Mathematical, Physical and Engineering Sciences},
	timestamp = {2017.07.22},
}
